% Bio-Linux na FI MUNI
@ONLINE{biolinux_fi,
  publisher = {Jan Kasprzak},
  title     = {Stratus.FI: privátní cloud pro uživatele FI - CVT FI - Blogy},
  date      = {2017},
  url       = {https://is.muni.cz/blog/cvt_fi/stratus_fi},
  urldate   = {2023-01-26},
  langid    = {czech}
}


% Co je Bi-Linux
@ONLINE{biolinux,
  publisher = {Matt Calverley},
  title     = {Bio-Linux: A stable, portable scientific research Linux distribution},
  date      = {2018},
  url       = {https://opensource.com/article/18/11/bio-linux},
  urldate   = {2023-01-26},
  langid    = {czech}
}


% Bio-Linux distrowatch
@ONLINE{biolinux_distrowatch,
  publisher = {DistroWatch},
  title     = {DistroWatch.com: Bio-Linux},
  url       = {https://distrowatch.com/table.php?distribution=biolinux},
  urldate   = {2023-01-26},
  langid    = {czech}
}


% Co je to EOL
@ONLINE{eol,
  publisher = {TuxCare expert team},
  title     = {Strategies for Managing End-of-Life Operating System},
  date      = {2020},
  url       = {https://tuxcare.com/strategies-for-managing-end-of-life-operating-system/},
  urldate   = {2023-01-26},
  langid    = {czech}
}


% GitHub Actions
@ONLINE{gh_actions,
  publisher = {GitHub},
  title     = {Understanding GitHub Actions},
  url       = {https://docs.github.com/en/actions/learn-github-actions/understanding-github-actions},
  urldate   = {2023-01-26},
  langid    = {czech}
}


% Flatpak app creation
@ONLINE{flatpak_app_creation,
  publisher = {Flahub},
  title     = {App Submission},
  date      = {2022},
  url       = {https://github.com/flathub/flathub/wiki/App-Submission#how-to-submit-an-app},
  urldate   = {2023-01-27},
  langid    = {czech}
}


% Flatpak app repo
@ONLINE{flatpak_app_repo,
  publisher = {Flahub},
  title     = {App Maintenance},
  date      = {2022},
  url       = {https://github.com/flathub/flathub/wiki/App-Maintenance#the-repository},
  urldate   = {2023-01-27},
  langid    = {czech}
}


% Flatpak app repo
@ONLINE{flatpak_app_update,
  publisher = {Flahub},
  title     = {App Maintenance},
  date      = {2022},
  url       = {https://github.com/flathub/flathub/wiki/App-Maintenance#test-builds-and-pull-requests},
  urldate   = {2023-01-27},
  langid    = {czech}
}


% Flatpak build
@ONLINE{flatpak_app_build,
  publisher = {Flahub},
  title     = {App Maintenance},
  date      = {2022},
  url       = {https://github.com/flathub/flathub/wiki/App-Maintenance#buildbot},
  urldate   = {2023-01-27},
  langid    = {czech}
}


% Conda-forge repos creation
@ONLINE{conda-forge_repo_creation,
  publisher = {Confa-forge},
  title     = {Contributing packages},
  url       = {https://conda-forge.org/docs/maintainer/adding_pkgs.html#feedback-and-revision},
  urldate   = {2023-01-27},
  langid    = {czech}
}


% Conda-forge repos creation
@ONLINE{dist-git,
  publisher = {Red Hat},
  title     = {Dist Git},
  date      = {2022},
  url       = {https://github.com/release-engineering/dist-git/blob/main/README.md},
  urldate   = {2023-01-27},
  langid    = {czech}
}


% GitHub secodary rate limits
@ONLINE{gh_secondary_rate_limits,
  publisher = {GitHub},
  title     = {Resources in the REST API},
  url       = {https://docs.github.com/en/rest/overview/resources-in-the-rest-api#secondary-rate-limits},
  urldate   = {2023-02-02},
  langid    = {czech}
}


% GitHub how to avid secodary rate limits
@ONLINE{gh_avoid_secondary_rate_limits,
  publisher = {GitHub},
  title     = {Best practices for integrators},
  url       = {https://docs.github.com/en/rest/guides/best-practices-for-integrators?apiVersion=2022-11-28#dealing-with-secondary-rate-limits},
  urldate   = {2023-02-02},
  langid    = {czech}
}


% GitHub push trigger
@ONLINE{gh_push_trigger,
  publisher = {GitHub},
  title     = {Events that trigger workflows - GitHub Enterprise Cloud Docs},
  url       = {https://docs.github.com/en/enterprise-cloud@latest/actions/using-workflows/events-that-trigger-workflows#push},
  urldate   = {2023-02-02},
  langid    = {czech}
}


@misc{pyp2spec,
  publisher = {Karolína Surma},
  title     = {pyp2spec},
  url       = {https://github.com/befeleme/pyp2spec},
  urldate   = {2023-02-19},
  langid    = {czech}
}


% OBS flatpak
@ONLINE{obs_flatpak,
  publisher = {Open Build Service},
  title     = {Introducing Flatpak Builds},
  url       = {https://openbuildservice.org/2021/02/18/introducing-flatpak-builds/},
  urldate   = {2023-02-19},
  langid    = {czech}
}


@ONLINE{obs,
  title     = {openSUSE Build Service},
  url       = {https://openbuildservice.org/2021/02/18/introducing-flatpak-builds/},
  urldate   = {2023-02-19},
  langid    = {czech}
}



@ONLINE{appimage_launch,
  publisher = {The AppImage project},
  title     = {Quickstart},
  url       = {https://docs.appimage.org/introduction/quickstart.html#how-to-run-an-appimage},
  date      = {2020},
  urldate   = {2023-02-19},
  langid    = {czech}
}


@ONLINE{appimage_launch,
  publisher = {The AppImage project},
  title     = {Quickstart},
  url       = {https://docs.appimage.org/introduction/quickstart.html#how-to-run-an-appimage},
  date      = {2020},
  urldate   = {2023-02-19},
  langid    = {czech}
}


@ONLINE{obs_package_formats,
  publisher = {Open Build Service},
  title     = {Supported Build Recipes and Package Formats},
  url       = {https://openbuildservice.org/help/manuals/obs-user-guide/cha.obs.package_formats.html#id-1.5.6.2.11},
  urldate   = {2023-02-20},
  langid    = {czech}
}
